{
  "2025Q2": {
    "Revenue": 3891000000.0,
    "Revenue Growth": -0.0376,
    "Cost of Revenue": 1593000000.0,
    "Gross Profit": 2298000000.0,
    "SG&A Expenses": 1646000000.0,
    "Operating Income": 436000000.0,
    "EBT": 436000000.0,
    "Income Tax Provision": 84000000.0,
    "Income after Tax": 352000000.0,
    "Dividends (Preferred)": 28000000.0,
    "Net Income Common": 324000000.0,
    "Shares (Basic, Weighted)": 309895000.0,
    "Shares (Diluted, Weighted)": 312434000.0,
    "Gross Margin": 0.5906,
    "EBIT Margin": 0.0,
    "EBT margin": 0.1121,
    "Net Profit Margin": 0.0833,
    "Income from Continuous Operations": 352000000.0,
    "Consolidated Net Income/Loss": 352000000.0,
    "EPS (Basic, from Continuous Ops)": 1.1359,
    "EPS (Diluted, from Cont. Ops)": 1.1266,
    "EPS (Basic, Consolidated)": 1.1359,
    "EPS (Diluted, Consolidated)": 1.1266,
    "EBITDA Margin": 0.0,
    "Operating Cash Flow Margin": 0.0
  },
  "2025Q1": {
    "Revenue": 3456000000.0,
    "Revenue Growth": -0.1595,
    "Cost of Revenue": 1675000000.0,
    "Gross Profit": 1781000000.0,
    "SG&A Expenses": 1520000000.0,
    "Operating Income": -284000000.0,
    "EBT": -284000000.0,
    "Income Tax Provision": -59000000.0,
    "Income after Tax": -225000000.0,
    "Dividends (Preferred)": 28000000.0,
    "Net Income Common": -225000000.0,
    "EPS (Basic)": -0.82,
    "EPS (Diluted)": -0.82,
    "Shares (Basic, Weighted)": 309006000.0,
    "Shares (Diluted, Weighted)": 309006000.0,
    "Gross Margin": 0.5153,
    "EBIT Margin": 0.0,
    "EBT margin": -0.0822,
    "Net Profit Margin": -0.0651,
    "Income from Continuous Operations": -225000000.0,
    "Consolidated Net Income/Loss": -225000000.0,
    "EPS (Basic, from Continuous Ops)": -0.82,
    "EPS (Diluted, from Cont. Ops)": -0.82,
    "EPS (Basic, Consolidated)": -0.7281,
    "EPS (Diluted, Consolidated)": -0.7281,
    "Shares (Diluted, Average)": 309006000.0,
    "EBITDA Margin": 0.0,
    "Operating Cash Flow Margin": 0.272
  },
  "2024Q4": {
    "Revenue": 4045000000.0,
    "Revenue Growth": -0.0362,
    "Cost of Revenue": 1799000000.0,
    "Gross Profit": 2246000000.0,
    "SG&A Expenses": 1799000000.0,
    "Operating Income": 163000000.0,
    "EBT": 163000000.0,
    "Income Tax Provision": 288000000.0,
    "Income after Tax": -125000000.0,
    "Dividends (Preferred)": 27000000.0,
    "Net Income Common": -71000000.0,
    "EPS (Basic)": 0.26,
    "EPS (Diluted)": 0.26,
    "Shares (Basic, Weighted)": 306913000.0,
    "Shares (Diluted, Weighted)": 310160000.0,
    "Gross Margin": 0.5553,
    "EBIT Margin": 0.0,
    "EBT margin": 0.0403,
    "Net Profit Margin": -0.0176,
    "Income from Continuous Operations": -125000000.0,
    "Income from Discontinued Operations": -1000000.0,
    "Consolidated Net Income/Loss": -126000000.0,
    "EPS (Basic, from Continuous Ops)": -0.5,
    "EPS (Diluted, from Cont. Ops)": -0.49,
    "EPS (Diluted, from Disc. Ops)": -0.0032,
    "EPS (Basic, from Discontinued Ops)": -0.0033,
    "EPS (Basic, Consolidated)": -0.4108,
    "EPS (Diluted, Consolidated)": -0.4064,
    "Shares (Diluted, Average)": 311277000.0,
    "EBITDA Margin": 0.0,
    "Operating Cash Flow Margin": 0.1533
  },
  "2024Q3": {
    "Revenue": 4189000000.0,
    "Revenue Growth": 0.0395,
    "Cost of Revenue": 1885000000.0,
    "Gross Profit": 2304000000.0,
    "SG&A Expenses": 1870000000.0,
    "Operating Income": 233000000.0,
    "EBT": 233000000.0,
    "Income Tax Provision": -124000000.0,
    "Income after Tax": 357000000.0,
    "Dividends (Preferred)": 27000000.0,
    "Net Income Common": 330000000.0,
    "EPS (Basic)": 1.07,
    "EPS (Diluted)": 1.06,
    "Shares (Basic, Weighted)": 307312000.0,
    "Shares (Diluted, Weighted)": 311044000.0,
    "Gross Margin": 0.55,
    "EBIT Margin": 0.0,
    "EBT margin": 0.0556,
    "Net Profit Margin": 0.0788,
    "Income from Continuous Operations": 357000000.0,
    "Consolidated Net Income/Loss": 357000000.0,
    "EPS (Basic, from Continuous Ops)": 1.07,
    "EPS (Diluted, from Cont. Ops)": 1.06,
    "EPS (Basic, Consolidated)": 1.1617,
    "EPS (Diluted, Consolidated)": 1.1477,
    "Shares (Diluted, Average)": 311044000.0,
    "EBITDA Margin": 0.0,
    "Operating Cash Flow Margin": 0.2368
  },
  "2024Q2": {
    "Revenue": 4043000000.0,
    "Revenue Growth": 0.021,
    "Cost of Revenue": 1866000000.0,
    "Gross Profit": 2177000000.0,
    "SG&A Expenses": 1743000000.0,
    "Operating Income": 257000000.0,
    "EBT": 257000000.0,
    "Income Tax Provision": -37000000.0,
    "Income after Tax": 294000000.0,
    "Dividends (Preferred)": 28000000.0,
    "Net Income Common": 266000000.0,
    "EPS (Basic)": 0.86,
    "EPS (Diluted)": 0.86,
    "Shares (Basic, Weighted)": 306774000.0,
    "Shares (Diluted, Weighted)": 309886000.0,
    "Gross Margin": 0.5385,
    "EBIT Margin": 0.0,
    "EBT margin": 0.0636,
    "Net Profit Margin": 0.0658,
    "Income from Continuous Operations": 294000000.0,
    "Consolidated Net Income/Loss": 294000000.0,
    "EPS (Basic, from Continuous Ops)": 0.87,
    "EPS (Diluted, from Cont. Ops)": 0.86,
    "EPS (Basic, Consolidated)": 0.9584,
    "EPS (Diluted, Consolidated)": 0.9487,
    "Shares (Diluted, Average)": 309886000.0,
    "EBITDA Margin": 0.0,
    "Operating Cash Flow Margin": 0.4081
  },
  "2024Q1": {
    "Revenue": 4112000000.0,
    "Revenue Growth": 0.0867,
    "Cost of Revenue": 1922000000.0,
    "Gross Profit": 2190000000.0,
    "SG&A Expenses": 1815000000.0,
    "Operating Income": 183000000.0,
    "EBT": 183000000.0,
    "Income Tax Provision": 40000000.0,
    "Income after Tax": 143000000.0,
    "Dividends (Preferred)": 28000000.0,
    "Net Income Common": 143000000.0,
    "EPS (Basic)": 0.42,
    "EPS (Diluted)": 0.42,
    "Shares (Basic, Weighted)": 306003000.0,
    "Shares (Diluted, Weighted)": 308421000.0,
    "Gross Margin": 0.5326,
    "EBIT Margin": 0.0,
    "EBT margin": 0.0445,
    "Net Profit Margin": 0.0348,
    "Income from Continuous Operations": 143000000.0,
    "Consolidated Net Income/Loss": 143000000.0,
    "EPS (Basic, from Continuous Ops)": 0.38,
    "EPS (Diluted, from Cont. Ops)": 0.37,
    "EPS (Basic, Consolidated)": 0.4673,
    "EPS (Diluted, Consolidated)": 0.4637,
    "Shares (Diluted, Average)": 308421000.0,
    "EBITDA Margin": 0.0,
    "Operating Cash Flow Margin": 0.3079
  },
  "2023Q4": {
    "Revenue": 4197000000.0,
    "Revenue Growth": 0.1575,
    "Cost of Revenue": 1908000000.0,
    "Gross Profit": 2289000000.0,
    "SG&A Expenses": 1854000000.0,
    "Operating Income": 84000000.0,
    "EBT": 84000000.0,
    "Income Tax Provision": 70000000.0,
    "Income after Tax": 14000000.0,
    "Dividends (Preferred)": 27000000.0,
    "Net Income Common": 96000000.0,
    "EPS (Basic)": 0.16,
    "EPS (Diluted)": 0.16,
    "Shares (Basic, Weighted)": 303751000.0,
    "Shares (Diluted, Weighted)": 305135000.0,
    "Gross Margin": 0.5454,
    "EBIT Margin": 0.0,
    "EBT margin": 0.02,
    "Net Profit Margin": 0.0229,
    "Income from Continuous Operations": 14000000.0,
    "Income from Discontinued Operations": -1000000.0,
    "Consolidated Net Income/Loss": 13000000.0,
    "EPS (Basic, from Continuous Ops)": -0.05,
    "EPS (Diluted, from Cont. Ops)": -0.05,
    "EPS (Diluted, from Disc. Ops)": -0.0067,
    "EPS (Basic, from Discontinued Ops)": -0.0067,
    "EPS (Basic, Consolidated)": 0.04,
    "EPS (Diluted, Consolidated)": 0.0368,
    "Shares (Diluted, Average)": 306730000.0,
    "EBITDA Margin": 0.0,
    "Operating Cash Flow Margin": -0.0293
  },
  "2023Q3": {
    "Revenue": 4030000000.0,
    "Revenue Growth": 0.3179,
    "Cost of Revenue": 1850000000.0,
    "Gross Profit": 2180000000.0,
    "SG&A Expenses": 1740000000.0,
    "Operating Income": 228000000.0,
    "EBT": 228000000.0,
    "Income Tax Provision": -68000000.0,
    "Income after Tax": 296000000.0,
    "Dividends (Preferred)": 27000000.0,
    "Net Income Common": 269000000.0,
    "EPS (Basic)": 0.88,
    "EPS (Diluted)": 0.88,
    "Shares (Basic, Weighted)": 304134000.0,
    "Shares (Diluted, Weighted)": 305693000.0,
    "Gross Margin": 0.5409,
    "EBIT Margin": 0.0,
    "EBT margin": 0.0566,
    "Net Profit Margin": 0.0667,
    "Income from Continuous Operations": 296000000.0,
    "Consolidated Net Income/Loss": 296000000.0,
    "EPS (Basic, from Continuous Ops)": 0.88,
    "EPS (Diluted, from Cont. Ops)": 0.88,
    "EPS (Basic, Consolidated)": 0.9733,
    "EPS (Diluted, Consolidated)": 0.9683,
    "Shares (Diluted, Average)": 305693000.0,
    "EBITDA Margin": 0.0,
    "Operating Cash Flow Margin": 0.4119
  },
  "2023Q2": {
    "Revenue": 3960000000.0,
    "Revenue Growth": 0.4337,
    "Cost of Revenue": 1681000000.0,
    "Gross Profit": 2279000000.0,
    "SG&A Expenses": 1676000000.0,
    "Operating Income": 403000000.0,
    "EBT": 403000000.0,
    "Income Tax Provision": 74000000.0,
    "Income after Tax": 329000000.0,
    "Dividends (Preferred)": 28000000.0,
    "Net Income Common": 301000000.0,
    "EPS (Basic)": 0.99,
    "EPS (Diluted)": 0.99,
    "Shares (Basic, Weighted)": 303684000.0,
    "Shares (Diluted, Weighted)": 304646000.0,
    "Gross Margin": 0.5755,
    "EBIT Margin": 0.0,
    "EBT margin": 0.1018,
    "Net Profit Margin": 0.076,
    "Income from Continuous Operations": 329000000.0,
    "Consolidated Net Income/Loss": 329000000.0,
    "EPS (Basic, from Continuous Ops)": 0.99,
    "EPS (Diluted, from Cont. Ops)": 0.99,
    "EPS (Basic, Consolidated)": 1.0834,
    "EPS (Diluted, Consolidated)": 1.0799,
    "Shares (Diluted, Average)": 304646000.0,
    "EBITDA Margin": 0.0,
    "Operating Cash Flow Margin": 0.401
  },
  "2023Q1": {
    "Revenue": 3784000000.0,
    "Revenue Growth": 0.3745,
    "Cost of Revenue": 1458000000.0,
    "Gross Profit": 2326000000.0,
    "SG&A Expenses": 1712000000.0,
    "Operating Income": 388000000.0,
    "EBT": 388000000.0,
    "Income Tax Provision": 68000000.0,
    "Income after Tax": 320000000.0,
    "Dividends (Preferred)": 28000000.0,
    "Net Income Common": 291000000.0,
    "EPS (Basic)": 0.96,
    "EPS (Diluted)": 0.96,
    "Shares (Basic, Weighted)": 302657000.0,
    "Shares (Diluted, Weighted)": 303448000.0,
    "Gross Margin": 0.6147,
    "EBIT Margin": 0.0,
    "EBT margin": 0.1025,
    "Net Profit Margin": 0.0769,
    "Income from Continuous Operations": 320000000.0,
    "Income from Discontinued Operations": -1000000.0,
    "Consolidated Net Income/Loss": 319000000.0,
    "EPS (Basic, from Continuous Ops)": 0.97,
    "EPS (Diluted, from Cont. Ops)": 0.96,
    "EPS (Diluted, from Disc. Ops)": -0.0033,
    "EPS (Basic, from Discontinued Ops)": -0.0033,
    "EPS (Basic, Consolidated)": 1.054,
    "EPS (Diluted, Consolidated)": 1.0513,
    "Shares (Diluted, Average)": 303448000.0,
    "EBITDA Margin": 0.0,
    "Operating Cash Flow Margin": 0.3784
  },
  "2022Q4": {
    "Revenue": 3626000000.0,
    "Revenue Growth": 0.295,
    "Cost of Revenue": 1185000000.0,
    "Gross Profit": 2441000000.0,
    "SG&A Expenses": 1756000000.0,
    "Operating Income": 445000000.0,
    "EBT": 445000000.0,
    "Income Tax Provision": 167000000.0,
    "Income after Tax": 278000000.0,
    "Net Income Common": 361000000.0,
    "EPS (Basic)": 0.83,
    "EPS (Diluted)": 0.83,
    "Shares (Basic, Weighted)": 316690000.0,
    "Shares (Diluted, Weighted)": 318629000.0,
    "Gross Margin": 0.6732,
    "EBIT Margin": 0.0,
    "EBT margin": 0.1227,
    "Net Profit Margin": 0.0996,
    "Income from Continuous Operations": 278000000.0,
    "Consolidated Net Income/Loss": 278000000.0,
    "EPS (Basic, from Continuous Ops)": 0.91,
    "EPS (Diluted, from Cont. Ops)": 0.9,
    "EPS (Diluted, from Disc. Ops)": 0.0001,
    "EPS (Basic, from Discontinued Ops)": 0.0001,
    "EPS (Basic, Consolidated)": 0.9942,
    "EPS (Diluted, Consolidated)": 0.9886,
    "Shares (Diluted, Average)": 303062000.0,
    "EBITDA Margin": 0.0,
    "Operating Cash Flow Margin": 0.3235
  },
  "2022Q3": {
    "Revenue": 3058000000.0,
    "Revenue Growth": 0.1908,
    "Cost of Revenue": 804000000.0,
    "Gross Profit": 2254000000.0,
    "SG&A Expenses": 1599000000.0,
    "Operating Income": 417000000.0,
    "EBT": 417000000.0,
    "Income Tax Provision": 117000000.0,
    "Income after Tax": 300000000.0,
    "Dividends (Preferred)": 27000000.0,
    "Net Income Common": 272000000.0,
    "EPS (Basic)": 0.88,
    "EPS (Diluted)": 0.88,
    "Shares (Basic, Weighted)": 308220000.0,
    "Shares (Diluted, Weighted)": 310086000.0,
    "Gross Margin": 0.7371,
    "EBIT Margin": 0.0,
    "EBT margin": 0.1364,
    "Net Profit Margin": 0.0889,
    "Income from Continuous Operations": 300000000.0,
    "Income from Discontinued Operations": -1000000.0,
    "Consolidated Net Income/Loss": 299000000.0,
    "EPS (Basic, from Continuous Ops)": 0.88,
    "EPS (Diluted, from Cont. Ops)": 0.88,
    "EPS (Diluted, from Disc. Ops)": -0.0032,
    "EPS (Basic, from Discontinued Ops)": -0.0032,
    "EPS (Basic, Consolidated)": 0.9701,
    "EPS (Diluted, Consolidated)": 0.9642,
    "Shares (Diluted, Average)": 310086000.0,
    "EBITDA Margin": 0.0,
    "Operating Cash Flow Margin": 0.5239
  },
  "2022Q2": {
    "Revenue": 2762000000.0,
    "Revenue Growth": 0.0364,
    "Cost of Revenue": 467000000.0,
    "Gross Profit": 2295000000.0,
    "SG&A Expenses": 1442000000.0,
    "Operating Income": 634000000.0,
    "EBT": 634000000.0,
    "Income Tax Provision": 152000000.0,
    "Income after Tax": 482000000.0,
    "Dividends (Preferred)": 28000000.0,
    "Net Income Common": 454000000.0,
    "EPS (Basic)": 1.4,
    "EPS (Diluted)": 1.4,
    "Shares (Basic, Weighted)": 322057000.0,
    "Shares (Diluted, Weighted)": 324027000.0,
    "Gross Margin": 0.8309,
    "EBIT Margin": 0.0,
    "EBT margin": 0.2295,
    "Net Profit Margin": 0.1644,
    "Income from Continuous Operations": 482000000.0,
    "Consolidated Net Income/Loss": 482000000.0,
    "EPS (Basic, from Continuous Ops)": 1.41,
    "EPS (Diluted, from Cont. Ops)": 1.4,
    "EPS (Basic, Consolidated)": 1.4966,
    "EPS (Diluted, Consolidated)": 1.4875,
    "Shares (Diluted, Average)": 324286000.0,
    "EBITDA Margin": 0.0,
    "Operating Cash Flow Margin": 0.6629
  },
  "2022Q1": {
    "Revenue": 2753000000.0,
    "Revenue Growth": 0.0361,
    "Cost of Revenue": 401000000.0,
    "Gross Profit": 2352000000.0,
    "SG&A Expenses": 1289000000.0,
    "Operating Income": 846000000.0,
    "EBT": 846000000.0,
    "Income Tax Provision": 191000000.0,
    "Income after Tax": 655000000.0,
    "Dividends (Preferred)": 28000000.0,
    "Net Income Common": 627000000.0,
    "EPS (Basic)": 1.87,
    "EPS (Diluted)": 1.86,
    "Shares (Basic, Weighted)": 335678000.0,
    "Shares (Diluted, Weighted)": 337812000.0,
    "Gross Margin": 0.8543,
    "EBIT Margin": 0.0,
    "EBT margin": 0.3073,
    "Net Profit Margin": 0.2278,
    "Income from Continuous Operations": 655000000.0,
    "Consolidated Net Income/Loss": 655000000.0,
    "EPS (Basic, from Continuous Ops)": 1.87,
    "EPS (Diluted, from Cont. Ops)": 1.86,
    "EPS (Basic, Consolidated)": 1.9513,
    "EPS (Diluted, Consolidated)": 1.9389,
    "Shares (Diluted, Average)": 337812000.0,
    "EBITDA Margin": 0.0,
    "Operating Cash Flow Margin": 0.5961
  },
  "2021Q4": {
    "Revenue": 2800000000.0,
    "Revenue Growth": -0.0004,
    "Cost of Revenue": 415000000.0,
    "Gross Profit": 2385000000.0,
    "SG&A Expenses": 1300000000.0,
    "Operating Income": 899000000.0,
    "Non-operating Income/Expense": 10000000.0,
    "EBT": 899000000.0,
    "Income Tax Provision": 241000000.0,
    "Income after Tax": 658000000.0,
    "Net Income Common": 681000000.0,
    "EPS (Basic)": 1.8,
    "EPS (Diluted)": 1.79,
    "Shares (Basic, Weighted)": 362583000.0,
    "Shares (Diluted, Weighted)": 365180000.0,
    "Gross Margin": 0.8518,
    "EBIT Margin": 0.0,
    "EBT margin": 0.3211,
    "Net Profit Margin": 0.2432,
    "Income from Continuous Operations": 658000000.0,
    "Income from Discontinued Operations": -6000000.0,
    "Consolidated Net Income/Loss": 652000000.0,
    "EPS (Basic, from Continuous Ops)": 1.85,
    "EPS (Diluted, from Cont. Ops)": 1.83,
    "EPS (Diluted, from Disc. Ops)": -0.0127,
    "EPS (Basic, from Discontinued Ops)": -0.0127,
    "EPS (Basic, Consolidated)": 1.906,
    "EPS (Diluted, Consolidated)": 1.8907,
    "Shares (Diluted, Average)": 348666000.0,
    "EBITDA Margin": 0.0,
    "Operating Cash Flow Margin": 0.3425
  },
  "2021Q3": {
    "Revenue": 2568000000.0,
    "Revenue Growth": -0.0232,
    "Cost of Revenue": 444000000.0,
    "Gross Profit": 2124000000.0,
    "SG&A Expenses": 1078000000.0,
    "Operating Income": 907000000.0,
    "Non-operating Income/Expense": 52000000.0,
    "EBT": 907000000.0,
    "Income Tax Provision": 195000000.0,
    "Income after Tax": 712000000.0,
    "Dividends (Preferred)": 29000000.0,
    "Net Income Common": 683000000.0,
    "EPS (Basic)": 1.9,
    "EPS (Diluted)": 1.89,
    "Shares (Basic, Weighted)": 359179000.0,
    "Shares (Diluted, Weighted)": 361855000.0,
    "Gross Margin": 0.8271,
    "EBIT Margin": 0.0,
    "EBT margin": 0.3532,
    "Net Profit Margin": 0.266,
    "Income from Continuous Operations": 712000000.0,
    "Consolidated Net Income/Loss": 712000000.0,
    "EPS (Basic, from Continuous Ops)": 1.9,
    "EPS (Diluted, from Cont. Ops)": 1.89,
    "EPS (Basic, Consolidated)": 1.9823,
    "EPS (Diluted, Consolidated)": 1.9676,
    "Shares (Diluted, Average)": 361855000.0,
    "EBITDA Margin": 0.0,
    "Operating Cash Flow Margin": 0.5689
  },
  "2021Q2": {
    "Revenue": 2665000000.0,
    "Revenue Growth": -0.0249,
    "Cost of Revenue": 498000000.0,
    "Gross Profit": 2167000000.0,
    "SG&A Expenses": 1043000000.0,
    "Operating Income": 1042000000.0,
    "Non-operating Income/Expense": 73000000.0,
    "EBT": 1042000000.0,
    "Income Tax Provision": 143000000.0,
    "Income after Tax": 899000000.0,
    "Net Income Common": 900000000.0,
    "EPS (Basic)": 2.43,
    "EPS (Diluted)": 2.41,
    "Shares (Basic, Weighted)": 370412000.0,
    "Shares (Diluted, Weighted)": 373029000.0,
    "Gross Margin": 0.8131,
    "EBIT Margin": 0.0,
    "EBT margin": 0.391,
    "Net Profit Margin": 0.3377,
    "Income from Continuous Operations": 899000000.0,
    "Income from Discontinued Operations": 1000000.0,
    "Consolidated Net Income/Loss": 900000000.0,
    "EPS (Basic, from Continuous Ops)": 2.43,
    "EPS (Diluted, from Cont. Ops)": 2.41,
    "EPS (Diluted, from Disc. Ops)": 0.0027,
    "EPS (Basic, from Discontinued Ops)": 0.0027,
    "EPS (Basic, Consolidated)": 2.4297,
    "EPS (Diluted, Consolidated)": 2.4127,
    "Shares (Diluted, Average)": 373029000.0,
    "EBITDA Margin": 0.0,
    "Operating Cash Flow Margin": 0.1696
  },
  "2021Q1": {
    "Revenue": 2657000000.0,
    "Revenue Growth": 0.0153,
    "Cost of Revenue": 557000000.0,
    "Gross Profit": 2100000000.0,
    "SG&A Expenses": 930000000.0,
    "Operating Income": 1007000000.0,
    "Non-operating Income/Expense": 1000000.0,
    "EBT": 1007000000.0,
    "Income Tax Provision": 211000000.0,
    "Income after Tax": 796000000.0,
    "Net Income Common": 796000000.0,
    "EPS (Basic)": 2.11,
    "EPS (Diluted)": 2.11,
    "Shares (Basic, Weighted)": 375229000.0,
    "Shares (Diluted, Weighted)": 377529000.0,
    "Gross Margin": 0.7904,
    "EBIT Margin": 0.0,
    "EBT margin": 0.379,
    "Net Profit Margin": 0.2996,
    "Income from Continuous Operations": 796000000.0,
    "Consolidated Net Income/Loss": 796000000.0,
    "EPS (Basic, from Continuous Ops)": 2.12,
    "EPS (Diluted, from Cont. Ops)": 2.11,
    "EPS (Basic, Consolidated)": 2.1214,
    "EPS (Diluted, Consolidated)": 2.1084,
    "Shares (Diluted, Average)": 377529000.0,
    "EBITDA Margin": 0.0,
    "Operating Cash Flow Margin": 0.4403
  },
  "2020Q4": {
    "Revenue": 2801000000.0,
    "Revenue Growth": -0.0437,
    "Cost of Revenue": 644000000.0,
    "Gross Profit": 2157000000.0,
    "SG&A Expenses": 1125000000.0,
    "Operating Income": 856000000.0,
    "Non-operating Income/Expense": 52000000.0,
    "EBT": 856000000.0,
    "Income Tax Provision": 169000000.0,
    "Income after Tax": 687000000.0,
    "Net Income Common": 687000000.0,
    "EPS (Basic)": 1.83,
    "EPS (Diluted)": 1.82,
    "Shares (Basic, Weighted)": 375629000.0,
    "Shares (Diluted, Weighted)": 377101000.0,
    "Gross Margin": 0.7701,
    "EBIT Margin": 0.0,
    "EBT margin": 0.3056,
    "Net Profit Margin": 0.2453,
    "Income from Continuous Operations": 687000000.0,
    "Consolidated Net Income/Loss": 687000000.0,
    "EPS (Basic, from Continuous Ops)": 1.82,
    "EPS (Diluted, from Cont. Ops)": 1.83,
    "EPS (Diluted, from Disc. Ops)": 0.0,
    "EPS (Basic, from Discontinued Ops)": 0.0,
    "EPS (Basic, Consolidated)": 1.8278,
    "EPS (Diluted, Consolidated)": 1.8223,
    "Shares (Diluted, Average)": 378424000.0,
    "EBITDA Margin": 0.0,
    "Operating Cash Flow Margin": 0.4052
  },
  "2020Q3": {
    "Revenue": 2629000000.0,
    "Revenue Growth": -0.0947,
    "Cost of Revenue": 770000000.0,
    "Gross Profit": 1859000000.0,
    "SG&A Expenses": 1052000000.0,
    "Operating Income": 632000000.0,
    "Non-operating Income/Expense": 49000000.0,
    "EBT": 632000000.0,
    "Income Tax Provision": 156000000.0,
    "Income after Tax": 476000000.0,
    "Net Income Common": 476000000.0,
    "EPS (Basic)": 1.26,
    "EPS (Diluted)": 1.26,
    "Shares (Basic, Weighted)": 375658000.0,
    "Shares (Diluted, Weighted)": 377011000.0,
    "Gross Margin": 0.7071,
    "EBIT Margin": 0.0,
    "EBT margin": 0.2404,
    "Net Profit Margin": 0.1811,
    "Income from Continuous Operations": 476000000.0,
    "Consolidated Net Income/Loss": 476000000.0,
    "EPS (Basic, from Continuous Ops)": 1.27,
    "EPS (Diluted, from Cont. Ops)": 1.26,
    "EPS (Basic, Consolidated)": 1.2671,
    "EPS (Diluted, Consolidated)": 1.2626,
    "Shares (Diluted, Average)": 377011000.0,
    "EBITDA Margin": 0.0,
    "Operating Cash Flow Margin": 0.5485
  },
  "2020Q2": {
    "Revenue": 2733000000.0,
    "Revenue Growth": -0.053,
    "Cost of Revenue": 872000000.0,
    "Gross Profit": 1861000000.0,
    "SG&A Expenses": 1222000000.0,
    "Operating Income": 337000000.0,
    "Non-operating Income/Expense": 50000000.0,
    "EBT": 337000000.0,
    "Income Tax Provision": 95000000.0,
    "Income after Tax": 242000000.0,
    "Net Income Common": 241000000.0,
    "EPS (Basic)": 0.64,
    "EPS (Diluted)": 0.64,
    "Shares (Basic, Weighted)": 375051000.0,
    "Shares (Diluted, Weighted)": 375762000.0,
    "Gross Margin": 0.6809,
    "EBIT Margin": 0.0,
    "EBT margin": 0.1233,
    "Net Profit Margin": 0.0882,
    "Income from Continuous Operations": 242000000.0,
    "Income from Discontinued Operations": -1000000.0,
    "Consolidated Net Income/Loss": 241000000.0,
    "EPS (Basic, from Continuous Ops)": 0.65,
    "EPS (Diluted, from Cont. Ops)": 0.64,
    "EPS (Diluted, from Disc. Ops)": -0.0027,
    "EPS (Basic, from Discontinued Ops)": -0.0027,
    "EPS (Basic, Consolidated)": 0.6426,
    "EPS (Diluted, Consolidated)": 0.6414,
    "Shares (Diluted, Average)": 375762000.0,
    "EBITDA Margin": 0.0,
    "Operating Cash Flow Margin": 0.1273
  },
  "2020Q1": {
    "Revenue": 2617000000.0,
    "Revenue Growth": -0.0973,
    "Cost of Revenue": 957000000.0,
    "Gross Profit": 1660000000.0,
    "SG&A Expenses": 1823000000.0,
    "Operating Income": -411000000.0,
    "EBT": -411000000.0,
    "Income Tax Provision": -92000000.0,
    "Income after Tax": -319000000.0,
    "Net Income Common": -319000000.0,
    "EPS (Basic)": -0.85,
    "EPS (Diluted)": -0.85,
    "Shares (Basic, Weighted)": 375723000.0,
    "Shares (Diluted, Weighted)": 375723000.0,
    "Gross Margin": 0.6343,
    "EBIT Margin": 0.0,
    "EBT margin": -0.1571,
    "Net Profit Margin": -0.1219,
    "Income from Continuous Operations": -319000000.0,
    "Consolidated Net Income/Loss": -319000000.0,
    "EPS (Basic, from Continuous Ops)": -0.85,
    "EPS (Diluted, from Cont. Ops)": -0.85,
    "EPS (Basic, Consolidated)": -0.849,
    "EPS (Diluted, Consolidated)": -0.849,
    "Shares (Diluted, Average)": 375723000.0,
    "EBITDA Margin": 0.0,
    "Operating Cash Flow Margin": 0.311
  },
  "2019Q4": {
    "Revenue": 2929000000.0,
    "Revenue Growth": 0.0824,
    "Cost of Revenue": 1024000000.0,
    "Gross Profit": 1905000000.0,
    "SG&A Expenses": 1156000000.0,
    "Operating Income": 487000000.0,
    "EBT": 487000000.0,
    "Income Tax Provision": 106000000.0,
    "Income after Tax": 381000000.0,
    "Net Income Common": 378000000.0,
    "EPS (Basic)": 0.99,
    "EPS (Diluted)": 0.99,
    "Shares (Basic, Weighted)": 393234000.0,
    "Shares (Diluted, Weighted)": 395395000.0,
    "Gross Margin": 0.6504,
    "EBIT Margin": 0.0,
    "EBT margin": 0.1663,
    "Net Profit Margin": 0.1291,
    "Income from Continuous Operations": 381000000.0,
    "Income from Discontinued Operations": -3000000.0,
    "Consolidated Net Income/Loss": 378000000.0,
    "EPS (Basic, from Continuous Ops)": 1.0,
    "EPS (Diluted, from Cont. Ops)": 1.0,
    "EPS (Diluted, from Disc. Ops)": -0.0125,
    "EPS (Basic, from Discontinued Ops)": -0.0125,
    "EPS (Basic, Consolidated)": 0.9975,
    "EPS (Diluted, Consolidated)": 0.9904,
    "Shares (Diluted, Average)": 383391000.0,
    "EBITDA Margin": 0.0,
    "Operating Cash Flow Margin": 0.3131
  },
  "2019Q3": {
    "Revenue": 2904000000.0,
    "Revenue Growth": 0.078,
    "Cost of Revenue": 1069000000.0,
    "Gross Profit": 1835000000.0,
    "SG&A Expenses": 1101000000.0,
    "Operating Income": 500000000.0,
    "EBT": 500000000.0,
    "Income Tax Provision": 119000000.0,
    "Income after Tax": 381000000.0,
    "Net Income Common": 381000000.0,
    "EPS (Basic)": 0.98,
    "EPS (Diluted)": 0.97,
    "Shares (Basic, Weighted)": 390205000.0,
    "Shares (Diluted, Weighted)": 392604000.0,
    "Gross Margin": 0.6319,
    "EBIT Margin": 0.0,
    "EBT margin": 0.1722,
    "Net Profit Margin": 0.1312,
    "Income from Continuous Operations": 381000000.0,
    "Consolidated Net Income/Loss": 381000000.0,
    "EPS (Basic, from Continuous Ops)": 0.98,
    "EPS (Diluted, from Cont. Ops)": 0.97,
    "EPS (Basic, Consolidated)": 0.9764,
    "EPS (Diluted, Consolidated)": 0.9704,
    "Shares (Diluted, Average)": 392604000.0,
    "EBITDA Margin": 0.0,
    "Operating Cash Flow Margin": 0.4439
  },
  "2019Q2": {
    "Revenue": 2886000000.0,
    "Revenue Growth": 0.1117,
    "Cost of Revenue": 1095000000.0,
    "Gross Profit": 1791000000.0,
    "SG&A Expenses": 1058000000.0,
    "Operating Income": 494000000.0,
    "EBT": 494000000.0,
    "Income Tax Provision": -90000000.0,
    "Income after Tax": 584000000.0,
    "Net Income Common": 582000000.0,
    "EPS (Basic)": 1.46,
    "EPS (Diluted)": 1.46,
    "Shares (Basic, Weighted)": 398100000.0,
    "Shares (Diluted, Weighted)": 399916000.0,
    "Gross Margin": 0.6206,
    "EBIT Margin": 0.0,
    "EBT margin": 0.1712,
    "Net Profit Margin": 0.2017,
    "Income from Continuous Operations": 584000000.0,
    "Income from Discontinued Operations": -2000000.0,
    "Consolidated Net Income/Loss": 582000000.0,
    "EPS (Basic, from Continuous Ops)": 1.47,
    "EPS (Diluted, from Cont. Ops)": 1.46,
    "EPS (Diluted, from Disc. Ops)": -0.005,
    "EPS (Basic, from Discontinued Ops)": -0.005,
    "EPS (Basic, Consolidated)": 1.4619,
    "EPS (Diluted, Consolidated)": 1.4553,
    "Shares (Diluted, Average)": 399916000.0,
    "EBITDA Margin": 0.0,
    "Operating Cash Flow Margin": 0.2644
  },
  "2019Q1": {
    "Revenue": 2899000000.0,
    "Revenue Growth": 0.1737,
    "Cost of Revenue": 1055000000.0,
    "Gross Profit": 1844000000.0,
    "SG&A Expenses": 1112000000.0,
    "Operating Income": 486000000.0,
    "EBT": 486000000.0,
    "Income Tax Provision": 111000000.0,
    "Income after Tax": 375000000.0,
    "Net Income Common": 374000000.0,
    "EPS (Basic)": 0.93,
    "EPS (Diluted)": 0.92,
    "Shares (Basic, Weighted)": 404129000.0,
    "Shares (Diluted, Weighted)": 405959000.0,
    "Gross Margin": 0.6361,
    "EBIT Margin": 0.0,
    "EBT margin": 0.1676,
    "Net Profit Margin": 0.129,
    "Income from Continuous Operations": 375000000.0,
    "Income from Discontinued Operations": -1000000.0,
    "Consolidated Net Income/Loss": 374000000.0,
    "EPS (Basic, from Continuous Ops)": 0.93,
    "EPS (Diluted, from Cont. Ops)": 0.92,
    "EPS (Diluted, from Disc. Ops)": -0.0025,
    "EPS (Basic, from Discontinued Ops)": -0.0025,
    "EPS (Basic, Consolidated)": 0.9254,
    "EPS (Diluted, Consolidated)": 0.9213,
    "Shares (Diluted, Average)": 405959000.0,
    "EBITDA Margin": 0.0,
    "Operating Cash Flow Margin": 0.3729
  },
  "2018Q4": {
    "Revenue": 2706000000.0,
    "Revenue Growth": 0.0933,
    "Cost of Revenue": 1028000000.0,
    "Gross Profit": 1678000000.0,
    "SG&A Expenses": 1070000000.0,
    "Operating Income": 368000000.0,
    "EBT": 368000000.0,
    "Income Tax Provision": 79000000.0,
    "Income after Tax": 289000000.0,
    "Net Income Common": 290000000.0,
    "EPS (Basic)": 0.7,
    "EPS (Diluted)": 0.7,
    "Shares (Basic, Weighted)": 425165000.0,
    "Shares (Diluted, Weighted)": 427680000.0,
    "Gross Margin": 0.6201,
    "EBIT Margin": 0.0,
    "EBT margin": 0.136,
    "Net Profit Margin": 0.1072,
    "Income from Continuous Operations": 289000000.0,
    "Consolidated Net Income/Loss": 290000000.0,
    "EPS (Basic, from Continuous Ops)": 0.69,
    "EPS (Diluted, from Cont. Ops)": 0.7,
    "EPS (Basic, Consolidated)": 0.7012,
    "EPS (Diluted, Consolidated)": 0.6963,
    "Shares (Diluted, Average)": 414750000.0,
    "EBITDA Margin": 0.0,
    "Operating Cash Flow Margin": 0.2979
  },
  "2018Q3": {
    "Revenue": 2694000000.0,
    "Revenue Growth": 0.0911,
    "Cost of Revenue": 942000000.0,
    "Gross Profit": 1752000000.0,
    "SG&A Expenses": 1040000000.0,
    "Operating Income": 465000000.0,
    "EBT": 465000000.0,
    "Income Tax Provision": 91000000.0,
    "Income after Tax": 374000000.0,
    "Net Income Common": 374000000.0,
    "EPS (Basic)": 0.88,
    "EPS (Diluted)": 0.88,
    "Shares (Basic, Weighted)": 422187000.0,
    "Shares (Diluted, Weighted)": 424784000.0,
    "Gross Margin": 0.6503,
    "EBIT Margin": 0.0,
    "EBT margin": 0.1726,
    "Net Profit Margin": 0.1388,
    "Income from Continuous Operations": 374000000.0,
    "Consolidated Net Income/Loss": 374000000.0,
    "EPS (Basic, from Continuous Ops)": 0.89,
    "EPS (Diluted, from Cont. Ops)": 0.88,
    "EPS (Basic, Consolidated)": 0.8859,
    "EPS (Diluted, Consolidated)": 0.8804,
    "Shares (Diluted, Average)": 425000000.0,
    "EBITDA Margin": 0.0,
    "Operating Cash Flow Margin": 0.4955
  },
  "2018Q2": {
    "Revenue": 2596000000.0,
    "Revenue Growth": 0.0485,
    "Cost of Revenue": 873000000.0,
    "Gross Profit": 1723000000.0,
    "SG&A Expenses": 997000000.0,
    "Operating Income": 461000000.0,
    "EBT": 461000000.0,
    "Income Tax Provision": 113000000.0,
    "Income after Tax": 348000000.0,
    "Net Income Common": 349000000.0,
    "EPS (Basic)": 0.81,
    "EPS (Diluted)": 0.81,
    "Shares (Basic, Weighted)": 430628000.0,
    "Shares (Diluted, Weighted)": 432554000.0,
    "Gross Margin": 0.6637,
    "EBIT Margin": 0.0,
    "EBT margin": 0.1776,
    "Net Profit Margin": 0.1344,
    "Income from Continuous Operations": 348000000.0,
    "Income from Discontinued Operations": 1000000.0,
    "Consolidated Net Income/Loss": 349000000.0,
    "EPS (Basic, from Continuous Ops)": 0.81,
    "EPS (Diluted, from Cont. Ops)": 0.8,
    "EPS (Diluted, from Disc. Ops)": 0.0023,
    "EPS (Basic, from Discontinued Ops)": 0.0023,
    "EPS (Basic, Consolidated)": 0.8104,
    "EPS (Diluted, Consolidated)": 0.8068,
    "Shares (Diluted, Average)": 430864000.0,
    "EBITDA Margin": 0.0,
    "Operating Cash Flow Margin": 0.3513
  },
  "2018Q1": {
    "Revenue": 2470000000.0,
    "Revenue Growth": 0.0098,
    "Cost of Revenue": 794000000.0,
    "Gross Profit": 1676000000.0,
    "SG&A Expenses": 1075000000.0,
    "Operating Income": 328000000.0,
    "EBT": 328000000.0,
    "Income Tax Provision": 76000000.0,
    "Income after Tax": 252000000.0,
    "Net Income Common": 250000000.0,
    "EPS (Basic)": 0.57,
    "EPS (Diluted)": 0.57,
    "Shares (Basic, Weighted)": 436213000.0,
    "Shares (Diluted, Weighted)": 438931000.0,
    "Gross Margin": 0.6785,
    "EBIT Margin": 0.0,
    "EBT margin": 0.1328,
    "Net Profit Margin": 0.1012,
    "Income from Continuous Operations": 252000000.0,
    "Income from Discontinued Operations": -2000000.0,
    "Consolidated Net Income/Loss": 250000000.0,
    "EPS (Basic, from Continuous Ops)": 0.58,
    "EPS (Diluted, from Cont. Ops)": 0.57,
    "EPS (Diluted, from Disc. Ops)": -0.01,
    "EPS (Basic, from Discontinued Ops)": -0.01,
    "EPS (Basic, Consolidated)": 0.5731,
    "EPS (Diluted, Consolidated)": 0.5696,
    "Shares (Diluted, Average)": 438931000.0,
    "EBITDA Margin": 0.0,
    "Operating Cash Flow Margin": 0.4441
  },
  "2017Q4": {
    "Revenue": 2475000000.0,
    "Revenue Growth": 0.0065,
    "Cost of Revenue": 740000000.0,
    "Gross Profit": 1735000000.0,
    "SG&A Expenses": 1063000000.0,
    "Operating Income": 410000000.0,
    "EBT": 410000000.0,
    "Income Tax Provision": 231000000.0,
    "Income after Tax": 179000000.0,
    "Net Income Common": 181000000.0,
    "EPS (Basic)": 0.41,
    "EPS (Diluted)": 0.41,
    "Shares (Basic, Weighted)": 453704000.0,
    "Shares (Diluted, Weighted)": 455350000.0,
    "Gross Margin": 0.701,
    "EBIT Margin": 0.0,
    "EBT margin": 0.1657,
    "Net Profit Margin": 0.0731,
    "Income from Continuous Operations": 179000000.0,
    "Income from Discontinued Operations": 2000000.0,
    "Consolidated Net Income/Loss": 181000000.0,
    "EPS (Basic, from Continuous Ops)": 0.41,
    "EPS (Diluted, from Cont. Ops)": 0.4,
    "EPS (Diluted, from Disc. Ops)": 0.0134,
    "EPS (Basic, from Discontinued Ops)": 0.0134,
    "EPS (Basic, Consolidated)": 0.4101,
    "EPS (Diluted, Consolidated)": 0.4074,
    "Shares (Diluted, Average)": 444985000.0,
    "EBITDA Margin": 0.0,
    "Operating Cash Flow Margin": 0.2853
  },
  "2017Q3": {
    "Revenue": 2469000000.0,
    "Revenue Growth": 0.0086,
    "Cost of Revenue": 735000000.0,
    "Gross Profit": 1734000000.0,
    "SG&A Expenses": 1067000000.0,
    "Operating Income": 395000000.0,
    "EBT": 395000000.0,
    "Income Tax Provision": 115000000.0,
    "Income after Tax": 280000000.0,
    "Net Income Common": 282000000.0,
    "EPS (Basic)": 0.63,
    "EPS (Diluted)": 0.63,
    "Shares (Basic, Weighted)": 449169000.0,
    "Shares (Diluted, Weighted)": 451078000.0,
    "Gross Margin": 0.7023,
    "EBIT Margin": 0.0,
    "EBT margin": 0.16,
    "Net Profit Margin": 0.1142,
    "Income from Continuous Operations": 280000000.0,
    "Income from Discontinued Operations": 2000000.0,
    "Consolidated Net Income/Loss": 282000000.0,
    "EPS (Basic, from Continuous Ops)": 0.62,
    "EPS (Diluted, from Cont. Ops)": 0.62,
    "EPS (Diluted, from Disc. Ops)": 0.0044,
    "EPS (Basic, from Discontinued Ops)": 0.0045,
    "EPS (Basic, Consolidated)": 0.6278,
    "EPS (Diluted, Consolidated)": 0.6252,
    "Shares (Diluted, Average)": 447619000.0,
    "EBITDA Margin": 0.0,
    "Operating Cash Flow Margin": 0.5277
  },
  "2017Q2": {
    "Revenue": 2476000000.0,
    "Revenue Growth": 0.0135,
    "Cost of Revenue": 700000000.0,
    "Gross Profit": 1776000000.0,
    "SG&A Expenses": 1079000000.0,
    "Operating Income": 376000000.0,
    "EBT": 376000000.0,
    "Income Tax Provision": 122000000.0,
    "Income after Tax": 254000000.0,
    "Net Income Common": 252000000.0,
    "EPS (Basic)": 0.55,
    "EPS (Diluted)": 0.55,
    "Shares (Basic, Weighted)": 457891000.0,
    "Shares (Diluted, Weighted)": 458819000.0,
    "Gross Margin": 0.7173,
    "EBIT Margin": 0.0,
    "EBT margin": 0.1519,
    "Net Profit Margin": 0.1018,
    "Income from Continuous Operations": 254000000.0,
    "Income from Discontinued Operations": -2000000.0,
    "Consolidated Net Income/Loss": 252000000.0,
    "EPS (Basic, from Continuous Ops)": 0.55,
    "EPS (Diluted, from Cont. Ops)": 0.55,
    "EPS (Diluted, from Disc. Ops)": -0.01,
    "EPS (Basic, from Discontinued Ops)": -0.01,
    "EPS (Basic, Consolidated)": 0.5503,
    "EPS (Diluted, Consolidated)": 0.5492,
    "Shares (Diluted, Average)": 458181000.0,
    "EBITDA Margin": 0.0,
    "Operating Cash Flow Margin": 0.3615
  },
  "2017Q1": {
    "Revenue": 2446000000.0,
    "Revenue Growth": -0.0157,
    "Cost of Revenue": 682000000.0,
    "Gross Profit": 1764000000.0,
    "SG&A Expenses": 1049000000.0,
    "Operating Income": 326000000.0,
    "EBT": 326000000.0,
    "Income Tax Provision": 113000000.0,
    "Income after Tax": 213000000.0,
    "Net Income Common": 214000000.0,
    "EPS (Basic)": 0.46,
    "EPS (Diluted)": 0.46,
    "Shares (Basic, Weighted)": 465961000.0,
    "Shares (Diluted, Weighted)": 466829000.0,
    "Gross Margin": 0.7212,
    "EBIT Margin": 0.0,
    "EBT margin": 0.1333,
    "Net Profit Margin": 0.0875,
    "Income from Continuous Operations": 213000000.0,
    "Income from Discontinued Operations": 1000000.0,
    "Consolidated Net Income/Loss": 214000000.0,
    "EPS (Basic, from Continuous Ops)": 0.46,
    "EPS (Diluted, from Cont. Ops)": 0.46,
    "EPS (Diluted, from Disc. Ops)": 0.0021,
    "EPS (Basic, from Discontinued Ops)": 0.0021,
    "EPS (Basic, Consolidated)": 0.4593,
    "EPS (Diluted, Consolidated)": 0.4584,
    "Shares (Diluted, Average)": 466829000.0,
    "EBITDA Margin": 0.0,
    "Operating Cash Flow Margin": 0.4804
  },
  "2016Q4": {
    "Revenue": 2459000000.0,
    "Revenue Growth": -0.0085,
    "Cost of Revenue": 674000000.0,
    "Gross Profit": 1785000000.0,
    "SG&A Expenses": 988000000.0,
    "Operating Income": 380000000.0,
    "EBT": 380000000.0,
    "Income Tax Provision": 134000000.0,
    "Income after Tax": 246000000.0,
    "Net Income Common": 248000000.0,
    "EPS (Basic)": 0.53,
    "EPS (Diluted)": 0.52,
    "Shares (Basic, Weighted)": 481105000.0,
    "Shares (Diluted, Weighted)": 482182000.0,
    "Gross Margin": 0.7259,
    "EBIT Margin": 0.0,
    "EBT margin": 0.1545,
    "Net Profit Margin": 0.1009,
    "Income from Continuous Operations": 246000000.0,
    "Income from Discontinued Operations": 2000000.0,
    "Consolidated Net Income/Loss": 248000000.0,
    "EPS (Basic, from Continuous Ops)": 0.53,
    "EPS (Diluted, from Cont. Ops)": 0.52,
    "EPS (Diluted, from Disc. Ops)": 0.0,
    "EPS (Basic, from Discontinued Ops)": 0.0,
    "EPS (Basic, Consolidated)": 0.5266,
    "EPS (Diluted, Consolidated)": 0.5242,
    "Shares (Diluted, Average)": 474505000.0,
    "EBITDA Margin": 0.0,
    "Operating Cash Flow Margin": 0.3977
  },
  "2016Q3": {
    "Revenue": 2448000000.0,
    "Revenue Growth": 0.0058,
    "Cost of Revenue": 656000000.0,
    "Gross Profit": 1792000000.0,
    "SG&A Expenses": 993000000.0,
    "Operating Income": 391000000.0,
    "EBT": 391000000.0,
    "Income Tax Provision": 130000000.0,
    "Income after Tax": 261000000.0,
    "Net Income Common": 209000000.0,
    "EPS (Basic)": 0.43,
    "EPS (Diluted)": 0.43,
    "Shares (Basic, Weighted)": 482393000.0,
    "Shares (Diluted, Weighted)": 483575000.0,
    "Gross Margin": 0.732,
    "EBIT Margin": 0.0,
    "EBT margin": 0.1597,
    "Net Profit Margin": 0.0854,
    "Income from Continuous Operations": 261000000.0,
    "Income from Discontinued Operations": -52000000.0,
    "Consolidated Net Income/Loss": 209000000.0,
    "EPS (Basic, from Continuous Ops)": 0.54,
    "EPS (Diluted, from Cont. Ops)": 0.54,
    "EPS (Diluted, from Disc. Ops)": -0.11,
    "EPS (Basic, from Discontinued Ops)": -0.11,
    "EPS (Basic, Consolidated)": 0.4333,
    "EPS (Diluted, Consolidated)": 0.4322,
    "Shares (Diluted, Average)": 483575000.0,
    "EBITDA Margin": 0.0,
    "Operating Cash Flow Margin": 0.471
  },
  "2016Q2": {
    "Revenue": 2443000000.0,
    "Revenue Growth": 0.0631,
    "Cost of Revenue": 651000000.0,
    "Gross Profit": 1792000000.0,
    "SG&A Expenses": 945000000.0,
    "Operating Income": 413000000.0,
    "EBT": 413000000.0,
    "Income Tax Provision": 56000000.0,
    "Income after Tax": 357000000.0,
    "Dividends (Preferred)": 15000000.0,
    "Net Income Common": 345000000.0,
    "EPS (Basic)": 0.71,
    "EPS (Diluted)": 0.71,
    "Shares (Basic, Weighted)": 485370000.0,
    "Shares (Diluted, Weighted)": 486074000.0,
    "Gross Margin": 0.7335,
    "EBIT Margin": 0.0,
    "EBT margin": 0.1691,
    "Net Profit Margin": 0.1412,
    "Income from Continuous Operations": 357000000.0,
    "Income from Discontinued Operations": 3000000.0,
    "Consolidated Net Income/Loss": 360000000.0,
    "EPS (Basic, from Continuous Ops)": 0.7,
    "EPS (Diluted, from Cont. Ops)": 0.7,
    "EPS (Diluted, from Disc. Ops)": 0.01,
    "EPS (Basic, from Discontinued Ops)": 0.01,
    "EPS (Basic, Consolidated)": 0.7417,
    "EPS (Diluted, Consolidated)": 0.7406,
    "Shares (Diluted, Average)": 486074000.0,
    "EBITDA Margin": 0.0,
    "Operating Cash Flow Margin": 0.5051
  },
  "2016Q1": {
    "Revenue": 2485000000.0,
    "Revenue Growth": 0.0679,
    "Cost of Revenue": 648000000.0,
    "Gross Profit": 1837000000.0,
    "SG&A Expenses": 930000000.0,
    "Operating Income": 397000000.0,
    "EBT": 397000000.0,
    "Income Tax Provision": 150000000.0,
    "Income after Tax": 247000000.0,
    "Dividends (Preferred)": 15000000.0,
    "Net Income Common": 235000000.0,
    "EPS (Basic)": 0.49,
    "EPS (Diluted)": 0.49,
    "Shares (Basic, Weighted)": 484233000.0,
    "Shares (Diluted, Weighted)": 484654000.0,
    "Gross Margin": 0.7392,
    "EBIT Margin": 0.0,
    "EBT margin": 0.1598,
    "Net Profit Margin": 0.0946,
    "Income from Continuous Operations": 247000000.0,
    "Income from Discontinued Operations": 3000000.0,
    "Consolidated Net Income/Loss": 250000000.0,
    "EPS (Basic, from Continuous Ops)": 0.48,
    "EPS (Diluted, from Cont. Ops)": 0.48,
    "EPS (Diluted, from Disc. Ops)": 0.01,
    "EPS (Basic, from Discontinued Ops)": 0.01,
    "EPS (Basic, Consolidated)": 0.5163,
    "EPS (Diluted, Consolidated)": 0.5158,
    "Shares (Diluted, Average)": 484654000.0,
    "EBITDA Margin": 0.0,
    "Operating Cash Flow Margin": 0.4837
  },
  "2015Q4": {
    "Revenue": 2480000000.0,
    "Revenue Growth": 0.0694,
    "Cost of Revenue": 605000000.0,
    "Gross Profit": 1875000000.0,
    "SG&A Expenses": 908000000.0,
    "Operating Income": 431000000.0,
    "EBT": 431000000.0,
    "Income Tax Provision": 155000000.0,
    "Income after Tax": 276000000.0,
    "Dividends (Preferred)": 1215000000.0,
    "Net Income Common": -952000000.0,
    "EPS (Basic)": -1.97,
    "EPS (Diluted)": -1.97,
    "Shares (Basic, Weighted)": 482873000.0,
    "Shares (Diluted, Weighted)": 482873000.0,
    "Gross Margin": 0.756,
    "EBIT Margin": 0.0,
    "EBT margin": 0.1738,
    "Net Profit Margin": -0.3839,
    "Income from Continuous Operations": 276000000.0,
    "Income from Discontinued Operations": -13000000.0,
    "Consolidated Net Income/Loss": 263000000.0,
    "EPS (Basic, from Continuous Ops)": -1.95,
    "EPS (Diluted, from Cont. Ops)": -1.95,
    "EPS (Diluted, from Disc. Ops)": -0.03,
    "EPS (Basic, from Discontinued Ops)": -0.03,
    "EPS (Basic, Consolidated)": 0.5433,
    "EPS (Diluted, Consolidated)": 0.5462,
    "Shares (Diluted, Average)": 484845000.0,
    "EBITDA Margin": 0.0,
    "Operating Cash Flow Margin": 0.4601
  },
  "2015Q3": {
    "Revenue": 2434000000.0,
    "Revenue Growth": -0.0201,
    "Cost of Revenue": 604000000.0,
    "Gross Profit": 1830000000.0,
    "SG&A Expenses": 885000000.0,
    "Operating Income": 417000000.0,
    "EBT": 417000000.0,
    "Income Tax Provision": 144000000.0,
    "Income after Tax": 273000000.0,
    "Dividends (Preferred)": 38000000.0,
    "Net Income Common": 230000000.0,
    "EPS (Basic)": 0.48,
    "EPS (Diluted)": 0.47,
    "Shares (Basic, Weighted)": 483073300.0,
    "Shares (Diluted, Weighted)": 484399100.0,
    "Gross Margin": 0.7518,
    "EBIT Margin": 0.0,
    "EBT margin": 0.1713,
    "Net Profit Margin": 0.0945,
    "Income from Continuous Operations": 273000000.0,
    "Income from Discontinued Operations": -5000000.0,
    "Consolidated Net Income/Loss": 268000000.0,
    "EPS (Basic, from Continuous Ops)": 0.49,
    "EPS (Diluted, from Cont. Ops)": 0.49,
    "EPS (Diluted, from Disc. Ops)": -0.01,
    "EPS (Basic, from Discontinued Ops)": -0.01,
    "EPS (Basic, Consolidated)": 0.5548,
    "EPS (Diluted, Consolidated)": 0.5533,
    "Shares (Diluted, Average)": 484399000.0,
    "EBITDA Margin": 0.0,
    "Operating Cash Flow Margin": 0.915
  }
}